@inproceedings{galland,
	author = {Galland, Alban and Abiteboul, Serge and Marian, Am{\'e}lie and Senellart, Pierre},
	title = {Corroborating Information from Disagreeing Views},
	booktitle = {Proceedings of the Third ACM International Conference on Web Search and Data Mining},
	series = {WSDM '10},
	year = {2010},
	isbn = {978-1-60558-889-6},
	location = {New York, New York, USA},
	pages = {131--140},
	numpages = {10},
	url = {http://doi.acm.org/10.1145/1718487.1718504},
	doi = {10.1145/1718487.1718504},
	acmid = {1718504},
	publisher = {ACM},
	address = {New York, NY, USA},
	keywords = {confidence, contradiction, corroboration, fix-point, probabilistic model, view},
}

@inproceedings{altman,
	author = {Altman, Alon and Tennenholtz, Moshe},
	title = {Ranking Systems: The PageRank Axioms},
	booktitle = {Proceedings of the 6th ACM Conference on Electronic Commerce},
	series = {EC '05},
	year = {2005},
	isbn = {1-59593-049-3},
	location = {Vancouver, BC, Canada},
	pages = {1--8},
	numpages = {8},
	url = {http://doi.acm.org/10.1145/1064009.1064010},
	doi = {10.1145/1064009.1064010},
	acmid = {1064010},
	publisher = {ACM},
	address = {New York, NY, USA},
	keywords = {PageRank, axiomatic theory, multi-agent systems},
}

@article{kleinberg,
	author = {Kleinberg, Jon M.},
	title = {Authoritative Sources in a Hyperlinked Environment},
	journal = {J. ACM},
	issue_date = {Sept. 1999},
	volume = {46},
	number = {5},
	month = sep,
	year = {1999},
	issn = {0004-5411},
	pages = {604--632},
	numpages = {29},
	url = {http://doi.acm.org/10.1145/324133.324140},
	doi = {10.1145/324133.324140},
	acmid = {324140},
	publisher = {ACM},
	address = {New York, NY, USA},
	keywords = {World Wide Web, graph algorithms, hypertext structure, link analysis},
}

@inproceedings{pasternack,
	author = {Pasternack, Jeff and Roth, Dan},
	title = {Knowing What to Believe (when You Already Know Something)},
	booktitle = {Proceedings of the 23rd International Conference on Computational Linguistics},
	series = {COLING '10},
	year = {2010},
	location = {Beijing, China},
	pages = {877--885},
	numpages = {9},
	url = {http://dl.acm.org/citation.cfm?id=1873781.1873880},
	acmid = {1873880},
	publisher = {Association for Computational Linguistics},
	address = {Stroudsburg, PA, USA},
}

@article{yin_han_yu,
	author = {X. Yin and J. Han and P. S. Yu},
	journal = {IEEE Transactions on Knowledge and Data Engineering},
	title = {Truth Discovery with Multiple Conflicting Information Providers on the Web},
	year = {2008},
	volume = {20},
	number = {6},
	pages = {796-808},
	keywords = {search engines;Web sites;truth discovery;multiple conflicting
				information providers;World Wide Web;information
				source;Veracity;TRUTHFINDER;Websites;search engines;Books;Web
				sites;Internet;Web page design;Algorithm design and analysis;Iterative
				algorithms;Iterative methods;Search engines;Web mining;Data mining;Web
				mining;Data mining;Web mining},
	doi = {10.1109/TKDE.2007.190745},
	ISSN = {1041-4347},
	month = {June},
}
